-*- BibTeX -*-

@INPROCEEDINGS{Abd-03,
  AUTHOR       = {Abdi, H.},
  EDITOR       = {Lewis-Beck, M. and Bryman, A. and Futing, T.},
  TITLE        = {Factor Rotations in Factor Analyses},
  booktitle    = {Encyclopedia of Social Sciences Research Methods},
  YEAR         = {2003},
  PUBLISHER    = {Sage},
  address      = {Thousand Oaks (CA):},
  ISBN         = {9780761923633},
  PAGES        = {792-795},
  url          = {http://www.utd.edu/~herve/Abdi-rotations-pretty.pdf},
}

@BOOK{Abr-64,
  EDITOR       = {Abramowitz, M. and Stegun, I.A.},
  TITLE        = {Handbook of Mathematical Functions},
  YEAR         = {1964},
  PUBLISHER    = {Dover},
  address      = {New York},
  edition      = {9th printing},
}

@ARTICLE{Adc-78,
  AUTHOR       = {Adcock, R. J.},
  TITLE        = {A Problem in Least Squares},
  YEAR         = {1878},
  JOURNAL      = {Analyst},
  volume       = {5},
  number       = {2},
  pages        = {53-54},
  doi          = {10.2307/2635758},
}

@ARTICLE{Agr-81,
  title        = {Measures of Nominal-Ordinal Association},
  author       = {A. Agresti},
  journal      = {J. Am. Stat. Assoc.},
  year         = {1981},
  number       = {375},
  pages        = {524-529},
  volume       = {76},
  url          = {http://www.stat.ufl.edu/~aa/articles/agresti_1981.pdf}
}

@MISC{Ano-16,
  author       = {anonymous},
  title        = {Fehlerreduktionsmaße},
  year         = {2016},
  howpublished = {Web-site, accessed 2017-07-29},
  url          = {https://de.wikipedia.org/wiki/Fehlerreduktionsma%C3%9Fe#.CE.B72}
}

@MISC{Ano-14,
  author       = {anonymous},
  title        = {Ordinal Logistic Regression | {R} Data Analysis Examples},
  year         = {2014},
  howpublished = {Web-site, accessed 2019-06-07},
  url          = {https://stats.idre.ucla.edu/r/dae/ordinal-logistic-regression/}
}

@MISC{Ano-17,
  author       = {anonymous},
  TITLE        = {AFIT Data Science Lab R Programming Guide -- K-means Cluster Analysis},
  YEAR         = {2017},
  howpublished = {web-site, accessed 2020-09-02},
  url          = {https://afit-r.github.io/kmeans_clustering},
}

@MISC{ano-19,
  author       = {anonymous},
  title        = {Decision Tree with sklearn source code},
  year         = {2019},
  howpublished = {Web-site, accessed 2019-10-06},
  url          = {https://www.cnblogs.com/gogoSandy/p/9131208.html},
%  Ort          = {E:\My Documents\AlteArbeiten\RossUni\Student-Performance\Pass@Ross\Theory\Literature\sklearn-DecissionTrees},
}

@MISC{Arb-12,
  author       = {Arbee},
  title        = {Binary Tree implementation},
  year         = {2012},
  howpublished = {Computer forum contribution},
  url          = {https://forum.lazarus.freepascal.org/index.php?action=dlattach;topic=18242.0;attach=4643},
}

@BOOK{Atk-83,
  AUTHOR       = {Atkinson, L.V. and Harley, P.J.},
  TITLE        = {An introduction to numerical methods with Pascal},
  YEAR         = {1983},
  PUBLISHER    = {Addison-Wesley},
  address      = {London},
  ISBN         = {0201137887},
  series       = {International Computer science series},
}

@BOOK{Bac-15b,
  AUTHOR       = {K. Backhaus and B. Erichson and R. Weiber},
  TITLE        = {Fortgeschrittene Multivariate Analysemethoden},
  YEAR         = {2015},
  PUBLISHER    = {Springer Gabler},
  address      = {Berlin, Heidelberg},
  ISBN         = {9783662460863},
  edition      = {3},
  abstract     = {Nichtlineare Regressionsanalyse, Strukturgleichungsanalyse,  Konfirmatorische Faktorenanalyse, Auswahlbasierte Conjoint-Analyse, Neuronale Netze, Multidimensionale Skalierung (MDS), Korrespondenzanalyse. }
}

@BOOK{Bac-15a,
  author       = {K. Backhaus and B. Erichson and W. Plinke and R. Weiber},
  title        = {Multivariate Analysemethoden: Eine anwendungsorientierte Einführung},
  year         = {2015},
  publisher    = {Springer Gabler},
  address      = {Berlin, Heidelberg},
  isbn         = {9783662460757},
  edition      = {14},
  abstract     = {Regressionsanalyse, Zeitreihenanalyse, Varianzanalyse, Diskriminanzanalyse, Logistische Regression, Kontingenzanalyse, Faktorenanalyse, Clusteranalyse, Conjoint-Analyse. },
}

@ARTICLE{Bar-95,
  title        = {Generating von {M}ises variates by the ratio-of-uniforms method},
  author       = {Barabesi, L.},
  journal      = {Stat. Appl.},
  volume       = {7},
  number       = {4},
  pages        = {417-426},
  year         = {1995},
  url          = {http://sa-ijas.stat.unipd.it/sites/sa-ijas.stat.unipd.it/files/417-426.pdf}
}

@ARTICLE{Bar-05,
  AUTHOR       = {Bartkowiak, A.M.},
  TITLE        = {Robust Mahalanobis distances obtained using the ’multout’ and ’fast-mcd’ methods},
  YEAR         = {2005},
  JOURNAL      = {Biocybern. \& Biomed. Eng.},
  volume       = {25},
  number       = {1},
  pages        = {7-21},
  url          = {https://www.researchgate.net/publication/286271722_Robust_mahalanobis_distances_obtained_using_the_%27Multout_and_%27Fast-med%27_methods},
}


@ARTICLE{Bar-51,
  author       = {Bartlett, M.S.},
  title        = {The Effect of Standardization on a $\chi^2$ Approximation in Factor Analysis},
  journal      = {Biometrika},
  number       = {3/4},
  pages        = {337-344},
  volume       = {38},
  year         = {1951},
  url          = {http://www.jstor.org/stable/2332580},
}

@ARTICLE{Bas-12,
  AUTHOR       = {M. Basto and J.M. Pereira},
  TITLE        = {An {SPSS R}-Menu for Ordinal Factor Analysis},
  YEAR         = {2012},
  JOURNAL      = {J. Stat. Software},
  volume       = {46},
  number       = {i04},
  pages        = {1-29},
  doi          = {10.18637/jss.v046.i04 },
}

@ARTICLE{Bas-03,
  title        = {Words in DNA sequences: some case studies based on their frequency statistics},
  author       = {Basu, S. and Burma, D.P. and Chaudhuri, P.},
  journal      = {J. Math. Biol.},
  volume       = {46},
  number       = {6},
  pages        = {479-503},
  year         = {2003},
  publisher    = {Springer},
  doi          = {10.1007/s00285-002-0185-3},
}

@BOOK{Bat-81,
  AUTHOR       = {Batschelet, E.},
  TITLE        = {Circular Statistics in Biology},
  SERIES       = {Mathematics in biology},
  YEAR         = {1981},
  PUBLISHER    = {Academic Press},
  address      = {London},
  ISBN         = {0-12-081050-6},
}

@INPROCEEDINGS{Bay-70,
  author       = {Bayer, R. and McCreight, E.},
  editor       = {Codd, E.F.},
  title        = {Organization and Maintenance of Large Ordered Indices},
  year         = {1970},
  isbn         = {9781450379410},
  publisher    = {Association for Computing Machinery},
  address      = {New York, NY, USA},
  doi          = {10.1145/1734663.1734671},
  booktitle    = {Proceedings of the 1970 ACM SIGFIDET (Now SIGMOD) Workshop on Data Description, Access and Control},
  pages        = {107–141},
  location     = {Houston, Texas},
}

@ARTICLE{Bea-19,
  AUTHOR       = {Beaulac, C. and Rosenthal, J.S.},
  TITLE        = {{BEST} : {A} decision tree algorithm that handles missing values},
  YEAR         = {2019},
  JOURNAL      = {arXiv},
  pages        = {1804.10168},
  url          = {https://arxiv.org/pdf/1804.10168.pdf},
}

@ARTICLE{Ben-77,
  AUTHOR       = {Bentler, P.M.},
  TITLE        = {Factor simplicity index and transformations},
  YEAR         = {1977},
  JOURNAL      = {Psychometrika},
  volume       = {42},
  number       = {2},
  pages        = {277-295},
  doi          = {10.1007/BF02294054},
}


@ARTICLE{Ber-09,
  AUTHOR       = {Berens, P.},
  TITLE        = {{CircStat: A MATLAB} toolbox for circular statistics},
  YEAR         = {2009},
  JOURNAL      = {J. Stat. Software},
  volume       = {31},
  number       = {10},
  pages        = {1-21},
  doi          = {10.18637/jss.v031.i10},
}

@ARTICLE{Ber-05,
  AUTHOR       = {Bernaards, C.A. and Jennrich, R.I.},
  TITLE        = {Gradient Projection Algorithms and Software for Arbitrary Rotation Criteria in Factor Analysis},
  YEAR         = {2005},
  JOURNAL      = {Educ. Psychol. Meas.},
  volume       = {65},
  number       = {5},
  pages        = {676-696},
  doi          = {10.1177/0013164404272507},
}


@MISC{Ber-05a,
  author       = {Bernaards, C.A. and Jennrich, R.I. },
  title        = {Gradient Projection Algorithms},
  year         = {2005},
  howpublished = {Web-site, accessed 2018-02-03},
  url          = {http://www.stat.ucla.edu/research/gpa/}
}

@ARTICLE{Bis-98,
  author       = {Bischof, C.H. and Quintana-Ort{\'i}, G.},
  title        = {Algorithm 782: Codes for rank-revealing QR factorizations of dense matrices},
  journal      = {ACM Trans. Math. Softw.},
  volume       = {24},
  number       = {2},
  year         = {1998},
  pages        = {254-257},
  doi          = {10.1145/290200.287638},
}

@ARTICLE{Boc-89,
  AUTHOR       = {Bochev, P. and Markov, S.},
  TITLE        = {A self-validating numerical method for the matrix exponential},
  YEAR         = {1989},
  JOURNAL      = {Computing},
  volume       = {43},
  pages        = {59-72},
  doi          = {10.1007/BF02243806},
}

@MISC{Bor-86,
  author       = {{Borland International Inc.}},
  title        = {{Turbo-Pascal Mathe-Toolboox}},
  year         = {1986},
  howpublished = {Computer program},
  edition      = {4},
  url          = {http://old.macintosh.garden/apps/NMT.zip}
}

@BOOK{Bow-01,
  AUTHOR       = {Bowley, A.L.},
  TITLE        = {Elements of Statistics},
  YEAR         = {1901},
  PUBLISHER    = {P.S. King \& Son},
  address      = {London},
  ISBN         = {9781397213594},
}

@BOOK{Bre-84,
  AUTHOR       = {Breiman, L. and Friedman, J.H. and Olshen, R.A. and Stone, C.J.},
  TITLE        = {Classification and Regression Trees},
  YEAR         = {1984},
  PUBLISHER    = {Wadsworth},
  address      = {Belmont},
  isbn         = {9780534980542}
}

@ARTICLE{Bre-01,
  author       = {Breiman, L.},
  title        = {Random Forests},
  journal      = {Machine Learning},
  year         = {2001},
  volume       = {45},
  number       = {1},
  pages        = {5-32},
  doi          = {10.1023/A:1010933404324},
  url          = {https://link.springer.com/content/pdf/10.1023/A:1010933404324.pdf},
}

@MISC{Bre-18,
  author       = {Breiman, L. and Cutler, A. and Liaw, A. and Wiener, M.},
  title        = {randomForest: Breiman and Cutler's Random Forests for Classification and Regression},
  year         = {2018},
  howpublished = {R package, version 4.6-14},
  url          = {https://CRAN.R-project.org/package=randomForest},
}

@MISC{Bre-12,
  author       = {Bremer, M.},
  title        = {Multiple Linear Regression},
  year         = {2012},
  howpublished = {Lecture script Math 261A},
  url          = {http://mezeylab.cb.bscb.cornell.edu/labmembers/documents/supplement%205%20-%20multiple%20regression.pdf}
}

@ARTICLE{Bro-84,
  title        = {PRIFAC: A pascal factor analysis program},
  author       = {Brown, B.L. and Williams, R.N. and Barlow, C.D.},
  journal      = {Journal of Pascal, Ada, and Modula},
  volume       = {2},
  pages        = {18-24},
  year         = {1984},
}

@MISC{Bro-19,
  author       = {Brownlee, J.},
  title        = {How To Implement The Decision Tree Algorithm From Scratch In Python},
  year         = {2019},
  howpublished = {web-site, accessed 2019-10-06},
  url          = {https://machinelearningmastery.com/implement-decision-tree-algorithm-scratch-python/}
%  Ort          = {E:\My Documents\AlteArbeiten\RossUni\Student-Performance\Pass@Ross\Theory\Literature\Brownlee-DecissionTrees}
}

@MISC{Bro-19b,
  author       = {Brownlee, J.},
  title        = {How To Estimate Model Accuracy in R Using The Caret Package},
  year         = {2019},
  howpublished = {web-site, accessed 2020-02-24},
  url          = {https://machinelearningmastery.com/how-to-estimate-model-accuracy-in-r-using-the-caret-package/},
}


@ARTICLE{Buc-60,
  author       = {Buck, S. F.},
  title        = {A Method of Estimation of Missing Values in Multivariate Data Suitable for Use with an Electronic Computer},
  journal      = {J. Royal Stat. Soc. B},
  volume       = {22},
  number       = {2},
  pages        = {302-306},
  doi          = {10.1111/j.2517-6161.1960.tb00375.x},
  year         = {1960},
}

@ARTICLE{Bux-99b,
  title        = {Co-operating {ATP} sites in the multiple drug resistance transporter {M}dr1},
  author       = {Buxbaum, E.},
  journal      = {Eur. J. Biochem.},
  year         = {1999},
  pages        = {54-63},
  volume       = {265},
  number       = {1},
  doi          = {10.1046/j.1432-1327.1999.00643.x},
}

@ARTICLE{Cac-84,
  author       = {Caceci, M. S. and Cacheris, W. P.},
  title        = {Fitting Curves to Data: {T}he Simplex Algorithm is the Answer},
  journal      = {Byte},
  year         = {1984},
  volume       = {9},
  number       = {5},
  pages        = {340-362},
  url          = {https://www.researchgate.net/publication/246199710_Fitting_curves_to_data_The_simplex_algorithm_is_the_answer},
  abstract     = {complete implementation in Pascal},
}

@ARTICLE{Cai-58,
  author       = {Cain, A.J. and Harrison, G.A.},
  title        = {An analysis of the taxonomist's judgment of affinity},
  journal      = {Proc. Zool. Soc. London},
  volume       = {131},
  number       = {1},
  doi          = {10.1111/j.1096-3642.1958.tb00634.x},
  pages        = {85-98},
  year         = {1958},
}

@INBOOK{Can-20,
  AUTHOR       = {van Canneyt, M. },
  TITLE        = {Operator overloading},
  booktitle    = {Free Pascal Reference guide},
  YEAR         = {2020},
  CHAPTER      = {15},
  url          = {https://www.freepascal.org/docs-html/ref/refch15.html#x212-23400015},
}


@MISC{Car-20,
  author       = {Cardot, H.},
  title        = {Gmedian: Geometric Median, k-Median Clustering and Robust Median PCA},
  year         = {2020},
  howpublished = {R-package, version  	1.2.5},
  url          = {https://CRAN.R-project.org/package=Gmedian},
}

@ARTICLE{Cat-66,
  title        = {The scree test for the number of factors},
  author       = {Cattell, R.B.},
  journal      = {Multivar. Behav. Res.},
  volume       = {1},
  number       = {2},
  pages        = {245-276},
  year         = {1966},
  doi          = {10.1207/s15327906mbr0102_10},
}

@ARTICLE{Cer-77,
  author       = {B.A. Cerny and H.F. Kaiser },
  title        = {A Study Of A Measure Of Sampling Adequacy For Factor-Analytic Correlation Matrices},
  journal      = {Multivar. Behav. Res.},
  volume       = {12},
  number       = {1},
  pages        = {43-47},
  year         = {1977},
  doi          = {10.1207/s15327906mbr1201\_3},
}


@MISC{Cha-19,
  author       = {Chang, C.-C. and Lin, C.J.},
  title        = {{LIBSVM} -- A Library for Support Vector Machines},
  year         = {2019},
  howpublished = {Computer Software, version 3.24},
  url          = {https://www.csie.ntu.edu.tw/~cjlin/libsvm/}
}

@ARTICLE{Cla-88,
  author       = {Clarkson, D.B. and Jennrich, R.I.},
  title        = {Quartic rotation criteria and algorithms},
  journal      = {Psychometrika},
  year         = {1988},
  volume       = {53},
  number       = {2},
  pages        = {251-259},
  doi          = {10.1007/BF02294136},
}

@ARTICLE{Cos-05,
  AUTHOR       = {Costello, A.B. and Osborne, J.W.},
  TITLE        = {Best Practices in Exploratory Factor Analysis: {F}our Recommendations for Getting the Most From Your
Analysis},
  YEAR         = {2005},
  JOURNAL      = {Practical Assessment, Research \& Evaluation},
  volume       = {10},
  number       = {7},
  pages        = {1-9},
  url          = {http://pareonline.net/pdf/v10n7.pdf},
}

@ARTICLE{Com-67,
  title        = {Tandem criteria for analytic rotation in factor analysis},
  author       = {Comrey, A.L},
  journal      = {Psychometrika},
  volume       = {32},
  number       = {2},
  pages        = {143-154},
  year         = {1967},
  doi          = {10.1007/BF02289422},
}

@ARTICLE{Cor-74,
  title        = {Statistical considerations in the estimation of enzyme kinetic parameters by the direct linear plot and other methods},
  author       = {Cornish-Bowden, A. and Eisenthal, R.},
  journal      = {Biochem. J.},
  volume       = {139},
  number       = {3},
  pages        = {721-730},
  year         = {1974},
  doi          = {10.1042/bj1390721},
  url          = {https://www.ncbi.nlm.nih.gov/pmc/articles/PMC1166336/pdf/biochemj00583-0245.pdf}
}

@ARTICLE{Cos-65,
  author       = {H.L. Costner},
  title        = {Criteria for Measures of Association},
  doi          = {10.2307/2090715},
  journal      = {Am. Sociol. Rev.},
  year         = {1965},
  volume       = {30},
  number       = {3},
  pages        = {341-353},
}

@ARTICLE{Craw-70,
  AUTHOR       = {Crawford C.B. and Ferguson G.A.},
  TITLE        = {A General Rotation Criterion and its Use in Orthogonal Rotation},
  YEAR         = {1970},
  JOURNAL      = {Psychometrika},
  volume       = {35},
  number       = {3},
  pages        = {321–332},
  doi          = {10.1007/BF02310792},
}

@ARTICLE{Cre-18,
  author       = {Cremers, J. and Klugkist, I.},
  title        = {One Direction? A Tutorial for Circular Data Analysis Using R With Examples in Cognitive Psychology},
  journal      = {Frontiers in Psychology},
  volume       = {9},
  pages        = {2040},
  year         = {2018},
  doi          = {10.3389/fpsyg.2018.02040},
}

@MISC{Cre-21,
  author       = {Cremers, J.},
  title        = {bpnreg: Bayesian Projected Normal Regression Models for Circular Data},
  year         = {2021},
  howpublished = {R-package, version 2.0.1},
  url          = {https://CRAN.R-project.org/package=bpnreg}
}

@ARTICLE{Cre-18b,
  author       = {Cremers, J. and Mulder, K.T. and Klugkist, I.},
  title        = {Circular interpretation of regression coefficients},
  journal      = {Br. J. Math. Stat. Psychol.},
  volume       = {71},
  number       = {1},
  pages        = {75-95},
  doi          = {10.1111/bmsp.12108},
  year         = {2018},
}

@INBOOK{Cro-92,
  AUTHOR       = {Croux, C. and Rousseeuw, P.J.},
  EDITOR       = {Dodge, Y. and Whittaker, J. },
  chapter      = {58},
  TITLE        = {Time-Efficient Algorithms for Two Highly Robust Estimators of Scale},
  booktitle    = {Computational Statistics},
  YEAR         = {1992},
  PUBLISHER    = {Springer},
  address      = {Berlin, Heidelberg},
  doi          = {10.1007/978-3-662-26811-7_58},
  PAGES        = {411-428},
  doi          = {https://www.researchgate.net/publication/228595593_Time-Efficient_Algorithms_for_Two_Highly_Robust_Estimators_of_Scale},
}

@BOOK{Dem-43,
  author       = {Deming, W.E.},
  title        = {Statistical adjustment of data},
  publisher    = {Wiley},
  year         = {1943},
  address      = {New York},
  isbn         = {9780486646855},
  url          = {https://archive.org/stream/in.ernet.dli.2015.18293/2015.18293.Statistical-Adjustment-Of-Data#page/n0/mode/2up}
}

@ARTICLE{Dem-77,
  author       = {Dempster, A. P. and Laird, N. M. and Rubin, D. B.},
  title        = {Maximum Likelihood from Incomplete Data Via the {EM} Algorithm},
  journal      = {J. Royal Stat. Soc. B.},
  volume       = {39},
  number       = {1},
  pages        = {1-22},
  doi          = {10.1111/j.2517-6161.1977.tb01600.x},
  year         = {1977},
  url          = {https://web.mit.edu/6.435/www/Dempster77.pdf}
}

@ARTICLE{Dem-88,
  author       = {H. de Mooy and J.T.A. van Hattum and S.P. Vriend},
  title        = {A RQ-mode factor-analysis program for microcomputers. A Pascal program},
  journal      = {Computers & Geosciences},
  volume       = {14},
  number       = {4},
  pages        = {449-465},
  year         = {1988},
  doi          = {10.1016/0098-3004(88)90028-3},
}

@ARTICLE{Deu-14,
  title        = {Über die {M}ethoden der {K}orrelationsrechnung in der {P}ädagogik und {P}sychologie},
  author       = {Deuchler, G.},
  journal      = {Z. pädagog. Psychol. Jugendkd.},
  volume       = {15},
  number       = {3},
  pages        = {114-131},
  year         = {1914},
  url          = {http://www.digizeitschriften.de/dms/resolveppn/?PID=ZDB026398621_0015|LOG_0024},
}

@ARTICLE{Dis-07,
  AUTHOR       = {Disatnik, D.J. and Benninga, S.},
  TITLE        = {Shrinking the Covariance Matrix -- Simpler is Better},
  YEAR         = {2007},
  JOURNAL      = {J. Portf. Manag.},
  volume       = {33},
  number       = {4},
  pages        = {56-63},
  url          = {https://cssanalytics.files.wordpress.com/2013/10/shrinkage-simpler-is-better.pdf},
}


@ARTICLE{Dis-09,
  title        = {Understanding and using factor scores: Considerations for the applied researcher},
  author       = {DiStefano, C. and Zhu, M. and Mindrila, D.},
  journal      = {Practical Assessment, Research \& Evaluation},
  volume       = {14},
  number       = {20},
  pages        = {1-11},
  year         = {2009},
  url          = {https://pareonline.net/pdf/v14n20.pdf},
}

@ARTICLE{Edg-04,
  author       = {Edgar, R.C.},
  title        = {{MUSCLE}: multiple sequence alignment with high accuracy and high throughput},
  journal      = {Nucleic Acids Res.},
  volume       = {32},
  number       = {5},
  pages        = {1792-1797},
  year         = {2004},
  doi          = {10.1093/nar/gkh340},
}

@ARTICLE{Eis-74,
  author       = {Eisenthal, R. and Cornish-Bowden, A.},
  title        = {The direct linear plot. {A} new graphical procedure for estimating enzyme kinetic parameters},
  journal      = {Biochem. J.},
  year         = {1974},
  volume       = {139},
  number       = {3},
  pages        = {715-720},
  doi          = {10.1042/bj1390715},
  url          = {https://www.ncbi.nlm.nih.gov/pmc/articles/PMC1166335/pdf/biochemj00583-0239.pdf},
}

@BOOK{Eng-87,
  AUTHOR       = {Engeln-Müllges, G. and Reuter, F.},
  TITLE        = {Formelsammlung zur Numerischen Mathematik mit Turbo-Pascal Programmen},
  YEAR         = {1987},
  PUBLISHER    = {Wissenschaftsverlag},
  address      = {Mannheim},
  ISBN         = {3411031565},
  edition      = {2},
}

@ARTICLE{Eng-89,
  AUTHOR       = {Engels, P.},
  TITLE        = {CALC, DISCUSS und die Turbo-4.0 Graphikbibliothek},
  YEAR         = {1989},
  JOURNAL      = {Toolbox},
  number       = {3},
  pages        = {55-61},
}

@BOOK{Fab-11,
  AUTHOR       = {L.R. Fabrigar and  D.T. Wegener},
  TITLE        = {Exploratory Factor Analysis},
  YEAR         = {2011},
  PUBLISHER    = {Oxford University Press},
  address      = {Oxford and others},
  isbn         = {9780199734177},
  series       = {Understanding Statistics},
}

@MISC{Fae-16,
  author       = {Faes, G.},
  title        = {Faktorenanalyse},
  year         = {2016},
  howpublished = {Web-site, accessed 2017-07-03},
  url          = {http://www.faes.de/Basis/Basis-Lexikon/Basis-Lexikon-Multivariate/Basis-Lexikon-Faktorenanalyse/basis-lexikon-faktorenanalyse.html}
}

@MISC{Fei-19,
  author       = {Feick, L.},
  title        = {Evaluating Model Performance by Building Cross-Validation from Scratch},
  year         = {2019},
  howpublished = {blog, accessed 2020-02-24},
  url          = {https://www.statworx.com/de/blog/evaluating-model-performance-by-building-cross-validation-from-scratch/}
}

@BOOK{Fis-93,
  AUTHOR       = {Fisher, N.I.},
  TITLE        = {Statistical Analysis of circular data},
  YEAR         = {1993},
  PUBLISHER    = {Cambridge University Press},
  address      = {Cambridge},
  ISBN         = {9780521568906},
}


@MISC{For-17,
  author       = {Ford, C.},
  title        = {Getting started with Multivariate Multiple Regression},
  year         = {2017},
  howpublished = {web-site, accessed 2019-05-26},
  url          = {https://data.library.virginia.edu/getting-started-with-multivariate-multiple-regression/},
}

@MISC{Fox-19,
  author       = {Fox, J. and Weisberg, S. and Price, B. and others},
  title        = {car: Companion to Applied Regression},
  year         = {2019},
  howpublished = {R-package, version 3.0-3},
  url          = {https://CRAN.R-project.org/package=car},
}

@MISC{Fox-19b,
  author       = {Fox, J.},
  title        = {polycor: Polychoric and Polyserial Correlations},
  year         = {2019},
  howpublished = {R-package, version 0.7-10},
  url          = {https://CRAN.R-project.org/package=polycor},
}


@ARTICLE{Fre-76,
  AUTHOR       = {Freeman, L.C.},
  TITLE        = {A further note on {F}reeman's measure of association},
  YEAR         = {1976},
  JOURNAL      = {Psychometrica},
  volume       = {41},
  number       = {2},
  pages        = {273-275},
  url          = {http://moreno.ss.uci.edu/22.pdf},
}

@ARTICLE{Fre-86,
  author       = {Freeman, L.C. },
  title        = {Order‐based statistics and monotonicity: A family of ordinal measures of association},
  journal      = {J. Math. Sociol.},
  volume       = {12},
  number       = {1},
  pages        = {49-69},
  year         = {1986},
  url          = {http://moreno.ss.uci.edu/41.pdf},
}

@BOOK{Fre-65,
  AUTHOR       = {Freeman, L.C.},
  TITLE        = {Elementary applied statistics},
  YEAR         = {1965},
  PUBLISHER    = {John Wiley \& Sons},
  address      = {New York, London, Sidney},
}

@MISC{Fri-17,
  author       = {Friel, C.M.},
  title        = {Notes on Factor Analysis},
  howpublished = {Web-site, accessed 2017-10-03},
  url          = {https://www.researchgate.net/file.PostFileLoader.html?id=566435736225ff665e8b4577&assetKey=AS%3A303652726607873%401449407859829}
}

@ARTICLE{Fri-02,
  AUTHOR       = {Friendly, M.},
  TITLE        = {Corrgrams: {E}xploratory displays for correlation matrices},
  YEAR         = {2002},
  JOURNAL      = {American Statistician},
  volume       = {56},
  number       = {4},
  pages        = {316-324},
  url          = {http://www.datavis.ca/papers/corrgram.pdf},
  doi          = {10.1198/000313002533}
}

@ARTICLE{Gav-14,
  author       = {M. Gavish and D.L. Donoho},
  journal      = {IEEE Trans. Inf. Theory},
  title        = {The Optimal Hard Threshold for Singular Values is $4/\sqrt {3}$ },
  year         = {2014},
  volume       = {60},
  number       = {8},
  pages        = {5040-5053},
  doi          = {10.1109/TIT.2014.2323359},
}

@ARTICLE{Gie-87,
  AUTHOR       = {Gieselmann, K.},
  TITLE        = {Komplexe {Z}ahlen in {PASCAL}},
  YEAR         = {1987},
  JOURNAL      = {PASCAL Int.},
  volume       = {2},
  number       = {3},
  pages        = {68-73},
}

@ARTICLE{Gie-87b,
  AUTHOR       = {Gieselmann, K. and Ceol, M.},
  TITLE        = {{CALC} -- ein mathematischer Compiler},
  YEAR         = {1987},
  JOURNAL      = {PASCAL Int.},
  number       = {8},
  pages        = {52-60},
}


@MISC{Gin-06,
  author       = {Gingrich, P.},
  title        = {Association between variables},
  year         = {2006},
  howpublished = {lecture script, accessed 2017-07-23},
  url          = {http://uregina.ca/~gingrich/ch11a.pdf}
}

@ARTICLE{Gin-36,
  title        = {On the measure of concentration with special reference to income and statistics},
  author       = {Gini, C.},
  journal      = {Colorado College Publication, General Series},
  volume       = {208},
  pages        = {73-79},
  year         = {1936},
}

@ARTICLE{Gni-13,
  AUTHOR       = {Gniazdowski, Z.},
  TITLE        = {Geometric interpretation of a correlation },
  YEAR         = {2013},
  JOURNAL      = {Zesz. Naukowed. Warsz. Wyższej Szk. Inform.},
  volume       = {9},
  number       = {7},
  pages        = {27-35},
  url          = {http://zeszyty-naukowe.wwsi.edu.pl/zeszyty/zeszyt9/Geometric_interpretation_of_a_correlation.pdf},
}

@MISC{Gre-19,
  author       = {Greenwell, B. and Boehmke, B. and Cunningham, J. and others},
  title        = {gbm: Generalized Boosted Regression Models},
  year         = {2019},
  howpublished = {R-package, version 2.1.5},
  url          = {https://CRAN.R-project.org/package=gbm},
}

@ARTICLE{Gre-55,
  title        = {The distribution of length and components of the sum of \textit{n} random unit vectors},
  author       = {Greenwood, J.A. and Durand, D.},
  journal      = {Ann. math. stat.},
  volume       = {26},
  number       = {2},
  pages        = {233-246},
  year         = {1955},
  url          = {https://projecteuclid.org/download/pdf_1/euclid.aoms/1177728540},
}

@ARTICLE{Gua-88,
  title        = {Relation to sample size to the stability of component patterns.},
  author       = {Guadagnoli, E. and Velicer, W.F.},
  journal      = {Psychol. Bull.},
  volume       = {103},
  number       = {2},
  pages        = {265-275},
  year         = {1988},
  url          = {https://www.researchgate.net/profile/Wayne_Velicer/publication/19793365_Relation_of_Sample_Size_to_the_Stability_of_Component_Patterns/links/09e4150b684d485e50000000.pdf}
}

@INPROCEEDINGS{Gut-41,
  AUTHOR       = {Guttman, L.},
  EDITOR       = {Horst, P. and Wallin, P. and Guttman, L. and others},
  TITLE        = {The quantification of a class of attributes: A theory and method of scale construction},
  booktitle    = {The prediction of personal adjustment},
  YEAR         = {1941},
  PUBLISHER    = {Social Science Research Council},
  address      = {New York},
  PAGES        = {319-348},
}


@ARTICLE{Goo-54,
  title        = {Measures of association for cross classifications},
  author       = {Goodman, L.A. and Kruskal, W.H.},
  journal      = {J. Am. Stat. Assoc.},
  volume       = {49},
  number       = {268},
  pages        = {732-764},
  year         = {1954},
  url          = {http://www.nssl.noaa.gov/users/brooks/public_html/feda/papers/goodmankruskal1.pdf}
}

@ARTICLE{Gor-04,
  author       = {Gorodkin, J.},
  title        = {Comparing two {K}-category assignments by a {K}-category correlation coefficient},
  journal      = {Comput. Biol. Chem.},
  volume       = {28},
  number       = {5},
  pages        = {367-374},
  year         = {2004},
  doi          = {10.1016/j.compbiolchem.2004.09.006},
}

@ARTICLE{Gow-71,
  title        = {A general coefficient of similarity and some of its properties},
  author       = {Gower, J.C.},
  journal      = {Biometrics},
  volume       = {27},
  number       = {4},
  pages        = {857-871},
  year         = {1971},
  doi          = {10.2307/2528823 },
}

@ARTICLE{Gu-96,
  AUTHOR       = {Gu, M. and Eisenstat, S.C.},
  TITLE        = {Efficient algorithms for computing a strong rank-revealing {QR} factorization},
  YEAR         = {1996},
  JOURNAL      = {SIAM J. Sci. Comput.},
  volume       = {17},
  number       = {4},
  pages        = {848-869},
  doi          = {10.1137/0917055},
}

@ARTICLE{Hac-11,
  AUTHOR       = {Hackenberg, M. and Carpena, P. and Bernaola-Galván, P. and Barturen, G. and Alganza, A.M. and Oliver J.-L.},
  TITLE        = {WordCluster: detecting clusters of DNA words and genomic elements},
  YEAR         = {2011},
  JOURNAL      = {Algorithms Mol Biol.},
  volume       = {6},
  number       = {2},
  doi          = {10.1186/1748-7188-6-2},

  url          = {https://almob.biomedcentral.com/track/pdf/10.1186/1748-7188-6-2.pdf},
}

@MISC{Har-19,
  author       = {Harrel, F.E.},
  title        = {Hmisc: Harrell Miscellaneous},
  year         = {2019},
  howpublished = {R-package, version 4.3-0},
  url          = {https://CRAN.R-project.org/package=Hmisc},
}

@ARTICLE{Har-13,
  AUTHOR       = {Harris, J.A.},
  TITLE        = {On the Calculation of Intra-Class and Inter-Class Coefficients of Correlation from Class Moments when the Number of Possible Combinations is Large},
  YEAR         = {1913},
  JOURNAL      = {Biometrika},
  volume       = {9},
  number       = {3/4},
  pages        = {446-472},
  doi          = {10.1093/biomet/9.3-4.446},
}

@ARTICLE{Har-79,
  title        = {A k-means clustering algorithm},
  author       = {Hartigan, J.A. and Wong, M.A.},
  journal      = {J. Royal Stat. Soc. C (Appl. Stat.)},
  volume       = {28},
  number       = {1},
  year         = {1979},
  pages        = {100-108},
  doi          = {10.2307/2346830},
  note         = {Algorithm AS136: k-means clustering},
}

@BOOK{Has-09,
  AUTHOR       = {Hastie, T. and Tibshirani, R. and Friedman, J.},
  TITLE        = {The Elements of Statistical Learning: Data Mining, Inference, and Prediction},
  YEAR         = {2009},
  PUBLISHER    = {Springer},
  address      = {New York},
  series       = {Springer Series in Statistics},
  edition      = {2},
  ISBN         = {9780387848570},
  url          = {https://web.stanford.edu/~hastie/Papers/ESLII.pdf}
}

@INBOOK{Has-55,
  AUTHOR       = {Hastings, C., Jr. and Hayward, J.T. and Wong, J.P., Jr.},
  booktitle    = {Approximations for digital computers},
  YEAR         = {1955},
  PUBLISHER    = {Princeton University Press},
  address      = {Princeton},
  pages        = {Sheet 68},
  ISBN         = {0691079145}
}

@INPROCEEDINGS{Hea-06,
  title        = {Logistic regression: An overview},
  author       = {Healy, L.M.},
  BOOKTITLE    = {Proceeding of COT},
  year         = {2006},
  organization = {Eastern Michigan University, College of Technology},
  volume       = {711},
  pages        = {30-37},
  url          = {http://citeseerx.ist.psu.edu/viewdoc/download?doi=10.1.1.496.8947&rep=rep1&type=pdf},
}

@ARTICLE{Hei-92,
  AUTHOR       = {Heinzel, G.},
  TITLE        = {{Beliebig genau: Moderne Runge-Kutta-Verfahren zur Lösung von Differentialgleichungen} },
  YEAR         = {1992},
  JOURNAL      = {c't},
  number       = {8},
  pages        = {192-185},
}

@ARTICLE{Hel-76,
  AUTHOR       = {Helmert, F. R.},
  TITLE        = {Über die Wahrscheinlichkeit der Potenzsummen der Beobachtungsfehler und über einige damit im Zusammenhange stehende Fragen},
  YEAR         = {1876},
  JOURNAL      = {Z. Math. Physik},
  volume       = {21},
  number       = {3},
  pages        = {192–218},
  abstract     = {Einführung der (später von Pearson so genannten) Chi-Quadrat Verteilung.}
}

@MISC{Hen-20,
  author       = {Henning, C.},
  title        = {fpc: Flexible Procedures for Clustering},
  year         = {2020},
  howpublished = {R package, version 2.2-7},
  url          = {https://CRAN.R-project.org/package=fpc},
}

@ARTICLE{Hen-90,
  title        = {A class of invariant consistent tests for multivariate normality},
  author       = {Henze, N. and Zirkler, B.},
  journal      = {Commun. Stat. Theory Meth.},
  volume       = {19},
  number       = {10},
  pages        = {3595-3617},
  year         = {1990},
  doi          = {10.1080/03610929008830400},
}

@MISC{Hoa-17,
  author       = {Hoare, J.},
  title        = {Linear Discriminant Analysis in R: An Introduction},
  year         = {2017},
  howpublished = {web-site, accessed 2019-07-09},
  url          = {https://www.r-bloggers.com/linear-discriminant-analysis-in-r-an-introduction/}
}

@ARTICLE{Hod-63,
  author       = {Hodges, J.L.  and Lehmann, E.L.},
  title        = {Estimates of Location Based on Rank Tests},
  journal      = {Ann. Math. Stat.},
  volume       = {34},
  number       = {2},
  pages        = {598-611},
  year         = {1963},
  url          = {http://www.jstor.org/stable/2238406},
}

@ARTICLE{Hof-77,
  author       = {Hofmann, R.J.},
  title        = {Complexity And Simplicity As Objective Indices Descriptive Of Factor Solutions},
  journal      = {Multivariate Behavioral Research},
  volume       = {13},
  number       = {2},
  pages        = {247-250},
  year         = {1978},
  doi          = {10.1207/s15327906mbr1302\_9},
}

@INPROCEEDINGS{Hon-05,
  AUTHOR       = {Honghai, F. and Guoshun, C. and Cheng, Y.and Bingru, Y. and Yume, C.},
  editor       = {Khosla, R. and Howlett, R.J. and Jain, L.C.},
  TITLE        = {A {SVM} Regression Based Approach to Filling in Missing Values},
  BOOKTITLE    = {Knowledge-Based Intelligent Information and Engineering Systems: 9th International Conference, KES 2005, Melbourne, Australia, September 14-16, 2005, Proceedings},
  YEAR         = {2005},
  publisher    = {Springer},
  address      = {Berlin Heidelberg},
  series       = {Lecture Notes in Computer Science},
  pages        = {581-587},
  url          = {https://sci2s.ugr.es/keel/pdf/algorithm/congreso/honghai_cheng_bingru05.pdf},
}

@BOOK{Hop-75,
  AUTHOR       = {Hope, K.},
  TITLE        = {Methoden multivariater Analyse},
  YEAR         = {1975},
  PUBLISHER    = {Beltz},
  address      = {Weinheim, Basel},
  ISBN         = {3407510918},
}

@book{Hor-65,
  title        = {Factor analysis of data matrices},
  author       = {Horst, P.},
  year         = {1965},
  publisher    = {Holt, Rinehart and Winston},
  address      = {New York, Chicago, San Francisco, Toronto, London},
  ISBN         = {9780030502507},
}

@BOOK{Hot-33,
  AUTHOR       = {Hotelling, H.},
  TITLE        = {Analysis of a complex of statistical variables into principal components},
  YEAR         = {1933},
  PUBLISHER    = {Warwick \& York},
  address      = {Baltimore},
  url          = {https://babel.hathitrust.org/cgi/pt?id=wu.89097139406;view=1up;seq=5},
  abstract     = {also published as J. educ. psychol. 24:6 (1933) 417-441, doi:10.1037/h0071325},
}

@ARTICLE{Hub-82,
  title        = {Coefficients of association and similarity, based on binary (presence-absence) data: an evaluation},
  author       = {Hubalek, Z.},
  journal      = {Biol. Rev.},
  volume       = {57},
  number       = {4},
  pages        = {669-689},
  year         = {1982},
  doi          = {10.1111/j.1469-185X.1982.tb00376.x},
}

@ARTICLE{Hub-10,
  AUTHOR       = {Hubert, M. and Debruyne, M.},
  TITLE        = {Minimum covariance determinant},
  YEAR         = {2010},
  JOURNAL      = {WIREs Comput. Stat.},
  volume       = {2},
  number       = {1},
  pages        = {36-43},
  doi          = {10.1002/wics.61},
  url          = {https://wis.kuleuven.be/stat/robust/papers/2010/wire-mcd.pdf}
}

@ARTICLE{Hub-74,
  AUTHOR       = {Hubert, L.},
  TITLE        = {A note on Freeman's measure of association for relating an ordered to an unordered factor},
  YEAR         = {1974},
  JOURNAL      = {Psychometrica},
  volume       = {39},
  number       = {4},
  pages        = {517-520},
  doi          = {10.1007/BF02291672}
}

@ARTICLE{Hub-19,
  AUTHOR       = {Hubert, M. and Rousseeuw, P.J. and Van den Bossche, W.},
  TITLE        = {MacroPCA: An All-in-One {PCA} Method Allowing for Missing Values as Well as Cellwise and Rowwise Outliers},
  YEAR         = {2019},
  JOURNAL      = {Technometrics},
  volume       = {61},
  number       = {4},
  pages        = {459-473},
  doi          = {10.1080/00401706.2018.1562989},
}

@ARTICLE{Jac-08,
  title        = {Nouvelles researches sur la distribution florale},
  author       = {Jaccard, P.},
  journal      = {Bull. Soc. Vaud. Sci. Nat.},
  volume       = {44},
  pages        = {223-270},
  year         = {1908},
}

@BOOK{Jam-13,
  AUTHOR       = {James, G. and Witten, D. and Hastie, T. and Tibshirani, R.},
  TITLE        = {An introduction to statistical learning with applications in R},
  YEAR         = {2013},
  PUBLISHER    = {Springer},
  address      = {New York, Heidelberg, Dordrecht, London},
  series       = {Springer texts in statistics},
  SERIESEDITOR = {Casella, G. and Fienberg, S. and Olkin, I.},
  edition      = {1},
  isbn         = {9781461471387},
  url          = {https://github.com/tpn/pdfs/blob/master/An%20Introduction%20To%20Statistical%20Learning%20with%20Applications%20in%20R%20(ISLR%20Sixth%20Printing).pdf}
}

@ARTICLE{Jen-01,
  AUTHOR       = {Jennrich, R.I. },
  TITLE        = {A simple  general   procedure   for  orthogonal rotation },
  YEAR         = {2001},
  JOURNAL      = {Psychometrika},
  volume       = {66},
  number       = {2},
  pages        = {289-306},
  url          = {http://www.atmo.arizona.edu/students/courselinks/fall09/atmo529/Lectures/Jennrich2001.pdf},
}

@ARTICLE{Jen-04,
  author       = {Jennrich, R.I.},
  title        = {Rotation to simple loadings using component loss functions: The orthogonal case},
  journal      = {Psychometrika},
  year         = {2004},
  volume       = {69},
  number       = {2},
  pages        = {257-273},
  doi          = {10.1007/BF02295943},
  url          = {https://cloudfront.escholarship.org/dist/prd/content/qt0f84000d/qt0f84000d.pdf},
}

@MISC{Kab-17,
  author       = {Kabacoff, R.},
  title        = {Quick-{R}: {D}iscriminant Function Analysis },
  year         = {2017},
  howpublished = {web-site, accessed 2019-06-01},
  url          = {https://www.statmethods.net/advstats/discriminant.html}
}

@ARTICLE{Kai-74,
  AUTHOR       = {Kaiser, H.F. and Rice, J.},
  TITLE        = {Little Jiffy, Mark {IV}.},
  YEAR         = {1974},
  JOURNAL      = {Educ. Psychol. Meas.},
  volume       = {34},
  number       = {1},
  pages        = {11-117},
  DOI          = {10.1177/001316447403400115},
  abstract     = {KMO-Maß der Eignung einer Korrelationsmatrix für die Faktorenanalyse},
}

@ARTICLE{Kai-58,
  author       = {Kaiser, H.F.},
  title        = {The varimax criterion for analytic rotation in factor analysis},
  journal      = {Psychometrika},
  year         = {1958},
  volume       = {23},
  number       = {3},
  pages        = {187-200},
  doi          = {10.1007/BF02289233},
  url          = {https://pdfs.semanticscholar.org/fb0b/812d9ba1a4b33f399fd51b56693e1935c745.pdf},
}

@ARTICLE{Kai-59,
  author       = {Kaiser, H.F.},
  title        = {Computer Program for Varimax Rotation in Factor Analysis},
  journal      = {Educ. Psychol. Measurement},
  volume       = {19},
  number       = {3},
  pages        = {413-420},
  year         = {1959},
  doi          = {10.1177/001316445901900314},
}

@inbook{Kau-90,
  author       = {Kaufman, L. and Rousseeuw, P.J.},
  TITLE        = {Partitioning around medoids (program pam)},
  booktitle    = {Finding groups in data: an introduction to cluster analysis},
  YEAR         = {1990},
  PUBLISHER    = {Wiley},
  address      = {New York},
  CHAPTER      = {2},
  PAGES        = {68-125},
  ISBN         = {0471735787},
}

@INPROCEEDINGS{Kie-98,
  AUTHOR       = {Kieffer, K.M.},
  TITLE        = {Orthogonal versus Oblique Factor Rotation: {A} Review of the Literature regarding the Pros and Cons},
  YEAR         = {1998},
  BOOKTITLE    = {Proceedings of the twenty-seventh annual meeting of the {M}id-south {E}ducational {R}esearch {A}ssociation},
  address      = {New Orleans},
  publisher    = {ERIC ED427031},
  url          = {https://eric.ed.gov/?id=ED427031},
}

@MISC{Kha-15,
  author       = {Khan, K.},
  title        = {Principal Component Analysis - An Introduction with {R} Implementation},
  year         = {2015},
  howpublished = {Web-site, accesed 2017-08-19},
  url          = {http://www.rpubs.com/koushikstat/pca}
}

@INPROCEEDINGS{Kim-97,
  AUTHOR       = {Kim, Y.-S.},
  TITLE        = {Refined Simplex Method for Data Fitting},
  editor       = {G. Hunt and H.E. Payne},
  BOOKTITLE    = {Astronomical Data Analysis Software and Systems VI},
  YEAR         = {1997},
  volume       = {125},
  series       = {ASP Conference Series},
  pages        = {206-209},
  url          = {https://www.cv.nrao.edu/adass/adassVI/kimys.html},
  abstract     = {In the Nelder-Mead simplex algorithm, shrinkage can never occur and is therefore redundant.}
}

@BOOK{Kin-82,
  AUTHOR       = {Kinder, H.P. and Osins, G. and Timm, J.},
  TITLE        = {Statistik für Biologen},
  YEAR         = {1982},
  PUBLISHER    = {Vieweg+Teubner},
  address      = {Braunschweig},
  ISBN         = {9783528033439},
}

@MISC{Klo-10,
  author       = {Klopp, E.},
  title        = {Explorative {F}aktorenanalyse},
  year         = {2010},
  url          = {http://hdl.handle.net/20.500.11780/3369},
  howpublished = {Web site, accessed 2017-07-02},
}

@MISC{Koh-99,
  author       = {Kohavi, R. and Quinlan, R.},
  title        = {Decision Tree Discovery},
  year         = {1999},
  howpublished = {web-site, accessed 2019-10-06},
  url          = {http://ai.stanford.edu/~ronnyk/treesHB.pdf},
%  Ort          = {E:\My Documents\AlteArbeiten\RossUni\Student-Performance\Pass@Ross\Theory\Literature\treesHB},
}

@MISC{Kol-04,
  author       = {Kolenikov, S. and Angeles, G.},
  title        = {The Use of Discrete Data in {PCA}: {T}heory, Simulations, and Applications to Socioeconomic Indices},
  year         = {2004},
  howpublished = {Web-site, accessed 2017-07-14},
  url          = {https://www.measureevaluation.org/resources/publications/wp-04-85/at_download/document},
}

@ARTICLE{Kor-14,
  title        = {{MVN}: {A}n {R} package for assessing multivariate normality},
  author       = {Korkmaz, S. and Goksuluk, D. and Zararsiz, G.},
  journal      = {The R Journal},
  volume       = {6},
  number       = {2},
  pages        = {151-162},
  year         = {2014},
}

@BOOK{Kre-79,
  author       = {Kreyszig, E.},
  title        = {Statistische Methoden und ihre Anwendungen},
  year         = {1979},
  edition      = {7},
  publisher    = {Vandenhoeck \& Ruprecht},
  isbn         = {9783525407172},
  abstract     = {Anwendungsorientiertes, verständliches Lehrbuch},
  address      = {Göttingen},
  price        = {27 €},
}

@MISC{Kuh-19,
  author       = {Kuhn, M. and Wing, J. and Weston, S. and Williams, A. and Keefer, C. and Engelhardt, A. and Cooper, T. and Mayer, Z. and others},
  title        = {caret: Classification and Regression Training},
  year         = {2019},
  howpublished = {R package, version 6.0-84},
  url          = {https://CRAN.R-project.org/package=caret},
}

@ARTICLE{Kum-79,
  author       = {Kummell, C.H.},
  title        = {Reduction of Observation Equations Which Contain More Than One Observed Quantity},
  journal      = {Analyst},
  year         = {1879},
  volume       = {6},
  number       = {4},
  pages        = {97-105},
  doi          = {10.2307/2635646},
}

@ARTICLE{Kwa-11,
  AUTHOR       = {Kwan, C.C.Y.},
  TITLE        = {An Introduction to Shrinkage Estimation of the Covariance Matrix: {A} Pedagogic Illustration},
  YEAR         = {2011},
  JOURNAL      = {Spreadsheets  Educ.},
  volume       = {4},
  number       = {3},
  pages        = {Art. 6},
  url          = {http://epublications.bond.edu.au/cgi/viewcontent.cgi?article=1099&context=ejsie},
}

@ARTICLE{Lar-07,
  AUTHOR       = {Larkin, M.A. and Blackshields, G. and Brown, N.P. and Chenna and others},
  TITLE        = {Clustal W and Clustal X version 2.0.},
  YEAR         = {2007},
  JOURNAL      = {Bioinformatics},
  volume       = {23},
  number       = {21},
  pages        = {2947-2948},
  doi          = {10.1093/bioinformatics/btm404},
}

@ARTICLE{Led-03,
  AUTHOR       = {Ledoit, O. and Wolf, M.},
  TITLE        = {Honey, {I} Shrunk the Sample Covariance Matrix},
  YEAR         = {2003},
  JOURNAL      = {J. Portf. Manag.},
  volume       = {30},
  number       = {4},
  pages        = {110-119},
  url          = {http://www.ledoit.net/honey.pdf},
}

@ARTICLE{Led-12,
  author       = {Ledoit, O. and Wolf, M.},
  title        = {Nonlinear shrinkage estimation of large-dimensional covariance matrices},
  year         = {2012},
  journal      = {Ann. Stat.},
  volume       = {40},
  number       = {2},
  pages        = {1024-1060},
  doi          = {10.1214/12-AOS989},
  url          = {http://www.ledoit.net/AOS989.pdf},
}

@ARTICLE{Led-16,
  title        = {Numerical implementation of the {QuEST} function},
  author       = {Ledoit, O. and Wolf, M.},
  journal      = {arXiv preprint arXiv:1601.05870},
  year         = {2016},
}

@MISC{Led-17,
  title        = {Direct nonlinear shrinkage estimation of large-dimensional covariance matrices},
  author       = {Ledoit, O. and Wolf, M.},
  year         = {2017},
  howpublished = {University of Zurich Department of Economics Working Paper No. 264},
  url          = {https://papers.ssrn.com/sol3/papers.cfm?abstract_id=3047302},
}

@ARTICLE{Lev-44,
  title        = {A method for the solution of certain non-linear problems in least squares},
  author       = {Levenberg, K.},
  journal      = {Quart. Appl. Math.},
  volume       = {2},
  number       = {2},
  pages        = {164-168},
  year         = {1944},
  url          = {https://www.ams.org/qam/1944-02-02/S0033-569X-1944-10666-0/S0033-569X-1944-10666-0.pdf},
}

@ARTICLE{Li-11,
  AUTHOR       = {Li, C. and Zhu, X. and Gu, C. },
  TITLE        = {Matrix Padé-Type Method for Computing the Matrix Exponential},
  YEAR         = {2011},
  JOURNAL      = {Appl. Math.},
  volume       = {2},
  number       = {2},
  pages        = {247-253},
  doi          = {10.4236/am.2011.22028},
}


@ARTICLE{Li-16,
  AUTHOR       = {Li, J. and Song, S. and Zhang, Y. and Zhou, Z.},
  TITLE        = {Robust K-Median and K-Means Clustering Algorithms for Incomplete Data},
  YEAR         = {2016},
  JOURNAL      = {Math. Prob. Eng.},
  pages        = {4321928},
  doi          = {10.1155/2016/4321928},
}

@MASTERSTHESIS{Lia-68,
  AUTHOR       = {Liang, K.-C.},
  TITLE        = {Numerical Approximation to the Inverse Function of the Cumulative Chi-Square, t, and F Distribution},
  YEAR         = {1968},
  SCHOOL       = {Utah State University},
  address      = {Logan, UT},
  url          = {https://digitalcommons.usu.edu/gradreports/1109}
}

@PHDTHESIS{Lik-32,
  AUTHOR       = {R. Likert},
  TITLE        = {A Technique for the Measurement of Attitudes},
  YEAR         = {1932},
  SCHOOL       = {Columbia University},
  address      = {New York},
  note         = {Published as Arch. Psychol. vol. 140},
}

@MISC{Lub-04,
  author       = {Lube, G.},
  title        = {{QR-Z}erlegung für lineare {A}usgleichsprobleme},
  year         = {2004},
  howpublished = {Web-site, acessed 2018-08-16},
  url          = {http://lp.uni-goettingen.de/get/text/1029},
}

@MISC{Lum-20,
  author       = {Lumley, T. and Miller, A.},
  title        = {leaps: Regression Subset Selection},
  year         = {2020},
  howpublished = {R-package, version 3.1},
  url          = {https://CRAN.R-project.org/package=leaps},
}

@MISC{Lun-17,
  author       = {Lund, U. and Agostinelli, C. and Arai, H. and Gagliardi, A. and Portugues, E.G. and Giunchi, D. and Irisson, J.-O. and Pocernich, M. and Rotolo, F. },
  title        = {circular: Circular Statistics},
  year         = {2017},
  howpublished = {R package, version 0.4-93},
  url          = {https://cran.r-project.org/package=circular},
}

@MISC{Mae-19,
  author       = {Maechler, M. and Rousseeuw, P. and Struyf, A. and Hubert, M. and Hornik, K. and Studer, M. and Roudier, P. and others },
  title        = {cluster: "Finding Groups in Data"},
  year         = {2019},
  address      = {Zürich},
  howpublished = {R package, version 2.1.0},
  url          = {https://CRAN.R-project.org/package=cluster},
}

@MISC{Mae-21,
  author       = {Maechler, M. and Rousseeuw, P. and Croux, C. and Todorov, V. and Ruckstuhl, A. and others },
  title        = {robustbase: Basic Robust Statistics},
  year         = {2021},
  howpublished = {R package, version 0.93-7},
  url          = {https://CRAN.R-project.org/package=robustbase},
}

@ARTICLE{Mah-36,
  AUTHOR       = {Mahalanobis, P.C.},
  TITLE        = {On the Generalized Distance in Statistics},
  YEAR         = {1936},
  JOURNAL      = {Proc. Natl. Inst. Sci. India},
  volume       = {12},
  pages        = {49-55},
  url          = {https://insa.nic.in/writereaddata/UpLoadedFiles/PINSA/Vol02_1936_1_Art05.pdf},
}

@INPROCEEDINGS{Mal-02,
  AUTHOR       = {Mallinson, H. and Gammerman, A.},
  TITLE        = {Imputation Using Support Vector Machines},
  chapter      = {6},
  editor       = {Charlton, J.},
  BOOKTITLE    = {Methods and Experimental Results from the Euredit Project},
  YEAR         = {2002},
  organization = {Euredit},
  address      = {York},
  volume       = {2},
  series       = {Towards Effective Statistical Editing and Imputation Strategies - Findings of the Euredit project},
  url          = {https://www.cs.york.ac.uk/euredit/},
}

@BOOK{Mar-18,
  AUTHOR       = {Maronna, R.A. and Martin, R.D. and Yohai, V.J. and Salibián-Barrera, M.},
  TITLE        = {Robust Statistics: Theory and Methods (with R)},
  YEAR         = {2018},
  PUBLISHER    = {Wiley},
  ISBN         = {978-111921468},
  series       = {Wiley Series in Probability and Statistics},
  edition      = {2},
}


@ARTICLE{Mar-63,
  author       = {Marquardt, D. W.},
  title        = {An algorithm for least-squares estimation of nonlinear parameters},
  journal      = {J. Soc. Industrial Appl. Math.},
  year         = {1963},
  volume       = {11},
  number       = {2},
  pages        = {431-441},
  url          = {http://137.204.42.130/~bittelli/materiale\_lettura\_fisica\_terreno/marquardt\_63.pdf},
}

@ARTICLE{Mar-15,
  author       = {Martinsson, P.~G.},
  title        = {{Blocked rank-revealing {QR} factorizations: {H}ow randomized sampling can be used to avoid single-vector pivoting}},
  journal      = {ArXiv e-prints},
  eprint       = {1505.08115},
  year         = {2015},
  month        = {5},
  url          = {http://adsabs.harvard.edu/abs/2015arXiv150508115M},
}

@MISC{Mar-15b,
  author       = {Marchetti, G.M. and Drton, M. and Sadeghi, K.},
  title        = {ggm: Functions for graphical Markov models},
  year         = {2015},
  howpublished = {R package, version 2.3},
  url          = {https://CRAN.R-project.org/package=ggm},
}

@ARTICLE{Mar-75,
  author       = {Mardia, K.V.},
  title        = {Statistics of Directional Data},
  journal      = {J. Royal Stat. Soc. B (Meth.)},
  year         = {1975},
  volume       = {37},
  number       = {3},
  pages        = {349-371},
  doi          = {10.1111/j.2517-6161.1975.tb01550.x},
}

@ARTICLE{Mar-76,
  author       = {Mardia, K.V.},
  title        = {Linear-Circular Correlation Coefficients and Rhythmometry},
  year         = {1976},
  journal      = {Biometrika},
  pages        = {403-405},
  volume       = {63},
  number       = {2},
  doi          = {10.2307/2335637},
}

@ARTICLE{Mat-75,
  author       = {Matthews, B.W.},
  title        = {Comparison of the predicted and observed secondary structure of T4 phage lysozyme},
  journal      = {Biochim. Biophys. Acta},
  volume       = {405},
  number       = {2},
  pages        = {442-451},
  year         = {1975},
  doi          = {10.1016/0005-2795(75)90109-9},
}

@ARTICLE{McC-64,
  AUTHOR       = {McConnaughey, B.H.},
  TITLE        = {The determination and analysis of plankton communities},
  Journal      = {Penelit. Laut di Indones. [Marine Res. Indones.]},
  YEAR         = {1964},
  PAGES        = {1-40},
  volume       = {7},
  number       = {30},
}

@INPROCEEDINGS{McQ-67,
  title        = {Some methods for classification and analysis of multivariate observations},
  author       = {MacQueen, J.},
  booktitle    = {Proceedings of the fifth Berkeley symposium on mathematical statistics and probability},
  editor       = {Le Cam, L.M. and Neyman, J.},
  volume       = {1: Theory of Statistics},
  number       = {14},
  pages        = {281-297},
  year         = {1967},
  address      = {Berkeley, Los Angeles},
  publisher    = {University of California Press},
  url          = {https://www.cs.cmu.edu/~bhiksha/courses/mlsp.fall2010/class14/macqueen.pdf}
}

@MISC{Mey-19,
  author       = {Meyer, D. and Dimitriadou, E. and Hornik, K. and Weingessel, A. and Leisch,F. and Chang, C.-C. and Lin, C.-C.},
  title        = {e1071: {M}isc Functions of the {Department of Statistics, Probability Theory Group (formerly: E1071), TU Wien}},
  year         = {2019},
  howpublished = {R package, version 1.7-2},
  url          = {https://CRAN.R-project.org/package=e1071},
}

@ARTICLE{Mic-96,
  AUTHOR       = {J. Michael},
  TITLE        = {Mit {S}icherheit},
  YEAR         = {1996},
  JOURNAL      = {c't},
  number       = {7},
  pages        = {264-268},
}

@MISC{Mil-04,
  author       = {Miller, A.},
  title        = {Fortran Software},
  year         = {2004},
  howpublished = {Web-site, accessed 2018-11-11},
  url          = {https://jblevins.org/mirror/amiller/}
}

@MISC{Min-00,
  author       = {T.P. Minka},
  title        = {Automatic choice of dimensionality for {PCA}},
  year         = {2000},
  address      = {Cambridge, MA},
  howpublished = {MIT Media Laboratory Perceptual Computing Section Technical Report 514},
  url          = {https://hd.media.mit.edu/tech-reports/TR-514.pdf}
}

@ARTICLE{Mie-18,
  AUTHOR       = {von Mieses, R.},
  TITLE        = {Über die \glqq {G}anzzahligkeit\grqq der {A}tomgewichte und verwandte {F}ragen},
  YEAR         = {1918},
  JOURNAL      = {Phys. Z.},
  volume       = {19},
  number       = {21},
  pages        = {490-500},
  url          = {https://digitalisate.sub.uni-hamburg.de/de/nc/detail.html?id=1901&tx_dlf%5Bid%5D=36847&tx_dlf%5Bpage%5D=522}
}

@ARTICLE{Mor-63,
  AUTHOR       = {Morgan, J.N. and Sonquist, J.A.},
  TITLE        = {Problems in the analysis of survey data, and a proposal},
  YEAR         = {1963},
  JOURNAL      = {J. Amer. Statist. Assoc.},
  volume       = {58},
  number       = {302},
  pages        = {415-434},
  doi          = {10.2307/2283276 },
}

@ARTICLE{Mol-03,
  AUTHOR       = {Moler, C. and van Loan, C.},
  TITLE        = {Nineteen dubious ways to compute the  exponential of a matrix, twenty-five years later},
  YEAR         = {2003},
  JOURNAL      = {SIAM Rev.},
  volume       = {45},
  number       = {1},
  pages        = {3-49},
  doi          = {10.1137/S00361445024180},
}


@MISC{Mor-13,
  author       = {Moreau, J.-P.},
  title        = {Sorting an array with the Shell method},
  year         = {2013},
  howpublished = {Web-site, accessed 2019-03-30},
  url          = {http://jean-pierre.moreau.pagesperso-orange.fr/Pascal/sort2_pas.txt},
}

@ARTICLE{Nel-65,
  author       = {Nelder, J. A. and Mead, R.},
  title        = {A simplex method for function minimization},
  journal      = {Computer J.},
  year         = {1965},
  volume       = {7},
  number       = {4},
  pages        = {308-313},
%  doi          = {10.1093/comjnl/7.4.308},
  url          = {http://www.ii.uib.no/~lennart/drgrad/Nelder1965.pdf},
  abstract     = {Simplex-Algorithmus zur nicht-linearen Kurvenanpassung },
}

@ARTICLE{Nev-86,
  author       = {Nevels, K.},
  title        = {A direct solution for pairwise rotations in {K}aiser's varimax method},
  journal      = {Psychometrika},
  year         = {1986},
  volume       = {51},
  number       = {2},
  pages        = {327-329},
  doi          = {10.1007/BF02293988},
}

@ARTICLE{Nij-78,
  title        = {Combinatorial Algorithms for Computers and Calculators},
  author       = {Nijenhuis, A. and Wilf, H.S.},
  publisher    = {Academic Press},
  address      = {New York, San Francisco, London},
  year         = {1978},
  edition      = {2},
  isbn         = {978-0125192606},
  url          = {http://www.math.upenn.edu/~wilf/website/CombinatorialAlgorithms.pdf}
}

@BOOK{Noa-80,
  AUTHOR       = {Noack, S.},
  TITLE        = {Statistische Auswertung von Mess- und Versuchsdaten mit Taschenrechner und Tischcomputer: Anleitungen und Beispiele aus dem Laborbereich},
  YEAR         = {1980},
  PUBLISHER    = {De Gruyter},
  address      = {Berlin / New York},
  ISBN         = {9783110072631},
}

@INPROCEEDINGS{Noc-00,
  author       = {Nock, R. and Sebban, M. and Jappy, P.},
  editor       = {Blanzieri, E. and Portinale, L.},
  title        = {A Symmetric Nearest Neighbor Learning Rule},
  booktitle    = {Advances in Case-Based Reasoning},
  year         = {2000},
  publisher    = {Springer},
  address      = {Berlin, Heidelberg},
  pages        = {222-233},
  isbn         = {9783540445272},
}

@ARTICLE{Olk-58,
  author       = {Olkin, I. and Pratt, J.W.},
  title        = {Unbiased Estimation of Certain Correlation Coefficients},
  journal      = {Ann. Math. Stat.},
  year         = {1958},
  volume       = {29},
  number       = {1},
  pages        = {201-211},
  url          = {http://www.jstor.org/stable/2237306},
  doi          = {10.2307/2237306},
}

@ARTICLE{Ols-79,
  AUTHOR       = {U. Olsson },
  TITLE        = {Maximum likelihood estimation of the polychoric correlation coefficient},
  YEAR         = {1979},
  JOURNAL      = {Psychometrika},
  volume       = {44},
  number       = {4},
  pages        = {443-460},
  url          = {https://www.researchgate.net/profile/Ulf_Olsson/publication/24062390_Maximum_likelihood_estimation_of_the_polychoric_correlation_coefficient/links/53f30b5e0cf2dd48950c8372/Maximum-likelihood-estimation-of-the-polychoric-correlation-coefficient.pdf},
}

@INBOOK{Pan-09,
  author       = {Pantanowitz, A. and Marwala, T.},
  EDITOR       = {Yu, W. and Sanchez, E.N. },
  title        = {Missing Data Imputation Through The Use Of The Random Forest Algorithm},
  booktitle    = {Advances in Computational Intelligence},
  year         = {2009},
  PUBLISHER    = {Springer},
  address      = {Berlin, Heidelberg},
  CHAPTER      = {6},
  pages        = {53-62},
  volume       = {116},
  series       = {Advances in Intelligent and Soft Computing},
  doi          = {10.1007/978-3-642-03156-4_6},
  url          = {https://www.researchgate.net/publication/23647007_Missing_Data_Imputation_Through_the_Use_of_the_Random_Forest_Algorithm},
}

@BOOK{Par-87,
  AUTHOR       = {Pareto, V.},
  TITLE        = {Cours d'Économie Politique},
  YEAR         = {1897},
  PUBLISHER    = {Rouge, Pichon},
  address      = {Lousanne, Paris},
  volume       = {2},
  url          = {https://web.archive.org/web/20160403032646/http://www.institutcoppet.org/wp-content/uploads/2012/05/Cours-d%C3%A9conomie-politique-Tome-II-Vilfredo-Pareto.pdf},
}


@MISC{PCSig-94,
  author       = {IBM-PC Special Interest Group},
  title        = {PC-SIG Library},
  edition      = {13},
  year         = {1994},
  howpublished = {Comuter software as CD-image},
  url          = {https://archive.org/download/PC-Sig_Library_13th_Edition_PC-SIG_1994/PC-Sig%20Library%20%2813th%20Edition%29%20%28PC-SIG%29%20%281994%29.ISO},
}

@ARTICLE{Pea-95,
  AUTHOR       = {Pearson, K.},
  TITLE        = {Notes on regression and inheritance in the case of two parents},
  YEAR         = {1895},
  JOURNAL      = {Proc. Royal Soc. Lond.},
  volume       = {58},
  pages        = {240-242},
  url          = {http://www.jstor.org/stable/115794 },
}

@ARTICLE{Pea-00,
  author       = {Pearson, K.},
  title        = {On the criterion that a given system of deviations from the probable in the case of a correlated system of variables is such that it can be reasonably supposed to have arisen from random sampling},
  journal      = {Philos. Mag.},
  volume       = {50},
  number       = {302},
  pages        = {157-175},
  year         = {1900},
  doi          = {10.1080/14786440009463897},
}

@ARTICLE{Per-13,
  author       = {Pernet, C. and Wilcox, R. and Rousselet, G.},
  title        = {Robust Correlation Analyses: False Positive and Power Validation Using a New Open Source Matlab Toolbox},
  journal      = {Front. Psychol.},
  volume       = {3},
  pages        = {606},
  year         = {2013},
  doi          = {10.3389/fpsyg.2012.00606},
  abstract     = {Pearson’s correlation is sensitive to outliers. },
}


@ARTICLE{Pet-10,
  title        = {Item selection, evaluation, and simple structure in personality data},
  author       = {Pettersson, E. and Turkheimer, E.},
  journal      = {J. Res. Personality},
  volume       = {44},
  number       = {4},
  pages        = {407-420},
  year         = {2010},
  doi          = {10.1016/j.jrp.2010.03.002},
}

@ARTICLE{Pod-99,
  title        = {Extending {G}ower's general coefficient of similarity to ordinal characters},
  author       = {Podani, J.},
  journal      = {Taxon},
  volume       = {48},
  number       = {2},
  pages        = {331-340},
  year         = {1999},
  doi          = {10.2307/1224438},
}

@MISC{Pra-18,
  author       = {Prabhakaran, S.},
  title        = {Caret Package – A Practical Guide to Machine Learning in {R}},
  year         = {2018},
  howpublished = {web-site, accessed 2020-03-30},
  url          = {https://www.machinelearningplus.com/machine-learning/caret-package/},
}

@MISC{Pra-17,
  author       = {Prabhakaran, S.},
  title        = {Ordinal logistic regression can be used to model a ordered factor response},
  year         = {2017},
  howpublished = {web-site, accessed 2019-06-07},
  url          = {http://r-statistics.co/Ordinal-Logistic-Regression-With-R.html}
}

@BOOK{Pre-89,
  title        = {Numerical recipes in {P}ascal: The art of scientific computing},
  author       = {W.H. Press and B.P. Flannery and S.A. Teukolsky and W.T. Vetterling},
  publisher    = {Cambridge University Press},
  year         = {1989},
  address      = {Cambridge},
  abstract     = {Standard-Lehrbuch der numerischen Mathematik, auch in anderen Programiersprachen erh{\"a}ltlich},
  isbn         = {9780521375160},
}

@INBOOK{Rah-12,
  AUTHOR       = {Rahman, M.M. and Davis, D.N.},
  TITLE        = {Machine Learning Based Missing Value Imputation Method for Clinical Datasets},
  YEAR         = {2012},
  EDITOR       = {Yang, G.C. and Ao,S.L. and Gelman, L.},
  booktitle    = {IAENG Transactions on Engineering Technologies},
  YEAR         = {2012},
  PUBLISHER    = {Springer},
  address      = {Dordrecht},
  CHAPTER      = {19},
  PAGES        = {245-257},
  volume       = {229},
  series       = {Lecture Notes in Electrical Engineering},
  doi          = {10.1007/978-94-007-6190-2_19},
}

@MISC{Rai-10,
  author       = {Raiche, G.},
  title        = {nFactors: Parallel Analysis and Non Graphical Solutions to the Cattell Scree Test},
  year         = {2010},
  howpublished = {R package, version 2.3.3.1},
  url          = {https://CRAN.R-project.org/package=nFactors},
}

@ARTICLE{Rao-76,
  title        = {Some tests based on arc-lengths for the circle},
  author       = {Rao, J.S.},
  journal      = {Sankhy{\=a}: Indian J. Stat., Ser. B},
  volume       = {36},
  number       = {4},
  pages        = {329-338},
  year         = {1976},
  url          = {http://jammalam.faculty.pstat.ucsb.edu/html/Some%20Publications/1976_ArcLengthsCircle-Sankhya.pdf},
}

@MISC{Ray-19,
  author       = {Raymaekers, J. and Rousseeuw, P. and Van den Bossche, W. and Hubert, M.},
  title        = {cellWise: Analyzing Data with Cellwise Outliers},
  year         = {2019},
  howpublished = {R package, version 2.1.0},
  url          = {https://CRAN.R-project.org/package=cellWise},
}

@MISC{RCo-19,
  title        = {R: {A} Language and Environment for Statistical Computing},
  author       = {{R Core Team}},
  organization = {R Foundation for Statistical Computing},
  address      = {Vienna, Austria},
  howpublished = {Computer program, version 4.0.4},
  year         = {2021},
  url          = {http://www.R-project.org/},
}

@BOOK{Ren-02,
  AUTHOR       = {A.C. Rencher},
  TITLE        = {Methods of Multivariate Analysis},
  YEAR         = {2002},
  PUBLISHER    = {John Wiley \& Sons},
  address      = {New York},
  edition      = {2},
}

@MISC{Rev-18,
  title        = {psych: {P}rocedures for Psychological, Psychometric, and Personality Research},
  author       = {Revelle, W.},
  organization = {Northwestern University},
  address      = {Evanston, Illinois},
  year         = {2018},
  howpublished = {R package, version 1.8.10},
  url          = {https://CRAN.R-project.org/package=psych},
}

@ARTICLE{Rev-79,
  author       = {Revelle, W.  and Rocklin, T. },
  title        = {Very Simple Structure: An Alternative Procedure For Estimating The Optimal Number Of Interpretable Factors},
  journal      = {Multivar. Behav. Res.},
  volume       = {14},
  number       = {4},
  pages        = {403-414},
  year         = {1979},
  doi          = {10.1207/s15327906mbr1404\_2},
}

@MISC{Rip-19b,
  author       = {Ripley, B. and Venables, B. and Bates, D.M. and Hornik, K. and Gebhardt, A. and Firth, D.},
  title        = {MASS: Support Functions and Datasets for Venables and Ripley's "Modern Applied Statistics with S"},
  year         = {2019},
  howpublished = {R-package, version 7.3-51.4},
  url          = {https://CRAN.R-project.org/package=MASS}
}

@MISC{Rip-19,
  author       = {Ripley, B.},
  title        = {tree: Title: Classification and Regression Trees},
  year         = {2019},
  howpublished = {R package, version 1.0-40},
  url          = {https://CRAN.R-project.org/package=tree}
}

@ARTICLE{Rit-96,
  author       = {Ritchie, R. J. and Prvan, T.},
  title        = {A simulation studie on designing experiments to measure the ${K}_m$ of {M}ichaelis-{Menten} kinetics curves},
  journal      = {J. theor. Biol.},
  year         = {1996},
  volume       = {178},
  pages        = {239-254},
  doi          = {10.1006/jtbi.1996.0023},
  abstract     = {12 Datenpunkte mit gleichem Abstand },
}

@MISC{Roe-18,
  author       = {Roever, C. and Raabe, N. and Luebke, K. and Ligges, U. and Szepannek, G. and Zentgraf, M.},
  title        = {klaR: Classification and Visualization},
  year         = {2018},
  howpublished = {R package, version 0.6-14},
  url          = {http://www.statistik.tu-dortmund.de},
}

@MISC{Ros-18,
  author       = {rosettacode.org},
  title        = {{QR} decomposition},
  year         = {2018},
  howpublished = {Web-site, accessed 2018-08-18},
  url          = {https://rosettacode.org/mw/index.php?title=QR_decomposition&oldid=265204}
}

@ARTICLE{Rou-99,
  author       = {Rousseeuw, P.J. and van Driessen, K. },
  title        = {A Fast Algorithm for the Minimum Covariance Determinant Estimator},
  journal      = {Technometrics},
  volume       = {41},
  number       = {3},
  pages        = {212-223},
  year         = {1999},
  doi          = {10.1080/00401706.1999.10485670},
  url          = {http://www.geo.upm.es/postgrado/CarlosLopez/papers/FastAlgMCD99.pdf},
}

@BOOK{Rou-87,
  AUTHOR       = {Rousseeuw, P.J. and Leroy, A.M.},
  TITLE        = {Robust Regression and Outlier Detection},
  YEAR         = {1987},
  PUBLISHER    = {John Wiley \& Sons},
  ISBN         = {0471852333},
  volume       = {589},
  series       = {Wiley series in probability and mathemathical statistics},
  url          = {https://books.google.de/books?id=woaH_73s-MwC&printsec=frontcover&hl=de&source=gbs_ge_summary_r&cad=0#v=onepage&q&f=false},
}

@ARTICLE{Rou-93,
  author       = {Rousseeuw, P.J.  and Croux, C. },
  title        = {Alternatives to the Median Absolute Deviation},
  journal      = {J. Am. Stat. Assoc.},
  volume       = {88},
  number       = {424},
  pages        = {1273-1283},
  year         = {1993},
  doi          = {10.1080/01621459.1993.10476408},
  url          = {https://www.jstor.org/stable/2291267},
}


@ARTICLE{Roy-95,
  author       = {Royston, P.},
  journal      = {J. Royal Stat. Soc. C (Appl. Stat.)},
  number       = {4},
  pages        = {547-551},
  title        = {Remark {AS R94}: {A} Remark on Algorithm {AS 181}: {T}he {W}-test for Normality},
  volume       = {44},
  year         = {1995},
}

@ARTICLE{Rub-76,
  title        = {Inference and missing data},
  author       = {Rubin, D.B},
  journal      = {Biometrika},
  volume       = {63},
  number       = {3},
  pages        = {581-592},
  year         = {1976},
  doi          = {10.1093/biomet/63.3.581},
}

@ARTICLE{Rus-40,
  title        = {On habitat and association of species of anopheline larvae in south-eastern {M}adras.},
  author       = {Russell, P.F. and Rao, T.R.},
  journal      = {J. Malar. Inst. India},
  volume       = {3},
  number       = {1},
  year         = {1940},
  pages        = {153-178},
}

@ARTICLE{Rus-95,
  author       = {Russell, G.S.  and Levitin, D.J. },
  title        = {An expanded table of probability values for {R}ao's spacing test},
  journal      = {Commun. Stat. - Simul. Comp.},
  volume       = {24},
  number       = {4},
  pages        = {879-888},
  year         = {1995},
  doi          = {10.1080/03610919508813281},
  url          = {http://cogprints.org/645/1/AnExpand.htm},
}

@ARTICLE{Sar-74,
  title        = {A comparative study of association measures},
  author       = {Särndal, C.E.},
  journal      = {Psychometrika},
  volume       = {39},
  number       = {2},
  pages        = {165-187},
  year         = {1974},
  doi          = {10.1007/BF02291467},
}

@ARTICLE{Scha-05,
  title        = {A shrinkage approach to large-scale covariance matrix estimation and implications for functional genomics},
  author       = {Schäfer, J. and Strimmer, K.},
  journal      = {Stat. Appl. Genet. Mol. Biol.},
  volume       = {4},
  number       = {1},
  year         = {2005},
  doi          = {10.2202/1544-6115.1175},
  pages        = {Art. 32},
  url          = {https://s3.amazonaws.com/academia.edu.documents/35132267/sagmb.2005.4.1.1175.pdf?AWSAccessKeyId=AKIAIWOWYYGZ2Y53UL3A&Expires=1512737720&Signature=fntrNEmD5Ja2QVAnVAwalKqi0h4%3D&response-content-disposition=inline%3B%20filename%3DA_Shrinkage_Approach_to_Large-Scale_Cova.pdf}
}

@MISC{Sch-17,
  author       = {Schlegel, A.},
  title        = {Factor Analysis Introduction with the Principal Component Method and R},
  year         = {2017},
  howpublished = {Web-site, accessed 2017-08-19},
  url          = {https://www.r-bloggers.com/factor-analysis-introduction-with-the-principal-component-method-and-r/}
}

@BOOK{Sch-89,
  EDITOR       = {Schwarz, A. and Kern, U. and Kurz, I.},
  TITLE        = {Turbo-Pascal, das Allerbeste},
  YEAR         = {1989},
  SERIES       = {Chip Special Turbo Pascal},
  PUBLISHER    = {Vogel-Verlag},
  address      = {Würzburg},
  ISBN         = {3-8023-1008-X},
}

@BOOK{Sed-83,
  AUTHOR       = {Sedgewick, R.},
  TITLE        = {Algorithms},
  YEAR         = {1983},
  PUBLISHER    = {Addison-Wesley},
  address      = {Reading (Mass.)},
  ISBN         = {9780201066722},
  edition      = {1},
}

@MISC{Sha-18,
  author       = {Sharma, M. },
  title        = {Multinomial Logistic Regression},
  year         = {2019},
  howpublished = {web-site, accessed 2019-06-07},
  url          = {https://www.rstatisticsblog.com/data-science-in-action/multinomial-logistic-regressions/}
}

@MISC{Sha-18b,
  author       = {Sharma, M. },
  title        = {Binary Logistic Regression},
  year         = {2019},
  howpublished = {web-site, accessed 2019-06-07},
  url          = {https://www.rstatisticsblog.com/data-science-in-action/binary-logistics-regression/}
}

@ARTICLE{She-66,
  AUTHOR       = {Sherin, R.J.},
  TITLE        = {A matrix formulation of {K}aiser's varimax criterion},
  YEAR         = {1966},
  JOURNAL      = {Psychometrika},
  volume       = {31},
  number       = {4},
  pages        = {535–538},
  doi          = {10.1007/BF02289522},
}

@ARTICLE{Sie-82,
  author       = {Siegel, A.F.},
  title        = {Robust regression using repeated medians},
  journal      = {Biometrika},
  volume       = {69},
  number       = {1},
  pages        = {242-244},
  year         = {1982},
  doi          = {10.1093/biomet/69.1.242},
}


@ARTICLE{Sie-88,
  AUTHOR       = {Sies, H.},
  TITLE        = {A new parameter for sex education},
  YEAR         = {1988},
  JOURNAL      = {Nature},
  volume       = {332},
  pages        = {495},
  doi          = {10.1038/332495a0},
}

@MISC{Sin-14,
  author       = {Sinz, F.},
  title        = {circstat / circstat-matlab},
  year         = {2014},
  howpublished = {web-site, accessed 2021-03-17},
  url          = {https://github.com/circstat/circstat-matlab/commit/268f3419312fe7e5d8ff0b0f4e5f1cfc7b486571}
}

@ARTICLE{Sma-90,
  AUTHOR       = {Small, C.G.},
  TITLE        = {A Survey of Multidimensional Medians},
  YEAR         = {1990},
  JOURNAL      = {Int. Stat. Rev.},
  volume       = {58},
  number       = {3},
  pages        = {263-277},
  doi          = {10.2307/1403809},
}


@INPROCEEDINGS{Smo-05,
  author       = {Smola, A.J. and Vishwanathan, S.V.N. and Hofmann, T.},
  title        = {Kernel Methods for Missing Variables},
  editor       = {Cowell, R.G. and Ghahramani, Z.},
  booktitle    = {Proceedings of the Tenth International Workshop on Artificial Intelligence and Statistics ({AISTATS}), Bridgetown, Barbados},
  year         = {2005},
  pages        = {325-332},
  publisher    = {Society for Artificial Intelligence and Statistics},
  url          = {http://www.gatsby.ucl.ac.uk/aistats/fullpapers/234.pdf},
}

@BOOK{Sne-73,
  title        = {Numerical Taxonomy: The Principles and Practice of Numerical Classification},
  author       = {P.H.A. Sneath and R.R. Sokal},
  publisher    = {Freeman},
  year         = {1973},
  address      = {San Francisco},
  abstract     = {Gut lesbare, doch gr{\"u}ndliche Einf{\"u}hrung},
  ISBN         = {9780716706977 },
}

@BOOK{Sok-81,
  AUTHOR       = {Sokal, R.R. and Rohlf, F.J. },
  TITLE        = {Biometry: The Principles and Practice of Statistics in Biological Research},
  YEAR         = {1981},
  PUBLISHER    = {Freeman},
  address      = {New York},
  edition      = {2},
  ISBN         = {978-0-7167-2411-7}
}


@BOOK{Spa-82,
  AUTHOR       = {Spain, J.D.},
  TITLE        = {Basic Microcomputer Models in Biology},
  YEAR         = {1982},
  PUBLISHER    = {Adison},
  address      = {Reading (USA)},
  ISBN         = {9780201106787},
}

@ARTICLE{Spe-04,
  doi          = {10.2307/1412159 },
  author       = {C. Spearman},
  journal      = {Am. J. Psychol.},
  number       = {1},
  pages        = {72-101},
  title        = {The Proof and Measurement of Association between Two Things},
  volume       = {15},
  year         = {1904},
}

@ARTICLE{Spe-04a,
  author       = {Spearman, C.},
  title        = {``General intelligence'', objectively determined and measured},
  journal      = {Am. J. Psychol.},
  year         = {1904},
  volume       = {15},
  number       = {2},
  pages        = {201-293},
  doi          = {10.2307/1412107},
}

@BOOK{Spi-04,
  AUTHOR       = {Spicer, J.},
  TITLE        = {Making Sense of Multivariate Data Analysis: An Intuitive Approach},
  YEAR         = {2004},
  PUBLISHER    = {SAGE Publications},
  address      = {Thousand Oaks CA, London, New Delhi},
  ISBN         = {9781412904018},
  edition      = {1},
}

@ARTICLE{Ste-11,
  title        = {MissForest--non-parametric missing value imputation for mixed-type data},
  author       = {Stekhoven, D.J. and Bühlmann, P.},
  journal      = {Bioinformatics},
  volume       = {28},
  number       = {1},
  pages        = {112-118},
  year         = {2011},
  doi          = {10.1093/bioinformatics/btr597},
}

@MISC{Ste-13,
  author       = {Stekhoven, D.J.},
  title        = {missForest: Nonparametric Missing Value Imputation using Random Forest},
  year         = {2013},
  howpublished = {R-package, version 1.4},
  url          = {https://CRAN.R-project.org/package=missForest},
}

@ARTICLE{Ste-69,
  author       = {Stephens, M.A. },
  title        = {Tests for Randomness of Directions against Two Circular Alternatives},
  journal      = {J. Am. Stat. Assoc.},
  volume       = {64},
  number       = {325},
  pages        = {280-289},
  year         = {1969},
  doi          = {10.1080/01621459.1969.10500971},
}

@BOOK{Ste-73,
  AUTHOR       = {Stewart, G.W.},
  TITLE        = {Introduction to Matrix Computation},
  YEAR         = {1973},
  PUBLISHER    = {Academic Press},
  address      = {New York},
  ISBN         = {9780126703504}
}

@ARTICLE{Ste-18,
  author       = {Stewart, T.G. and Zeng, D. and Wu, M.C.},
  title        = {Constructing support vector machines with missing data},
  journal      = {Wiley Interdisciplinary Reviews: Computational Statistics},
  volume       = {10},
  number       = {4},
  pages        = {e1430},
  doi          = {10.1002/wics.1430},
  year         = {2018},
  url          = {https://research.fhcrc.org/content/dam/stripe/wu/files/Publications/2018wires-svm.pdf}
}


@ARTICLE{Str-92,
  author       = {Straume, M. and Johnson, M. L.},
  title        = {Monte Carlo Method for Determining Complete Confidence Probability Distributions of Estimated Modell Parameters},
  journal      = {Meth. Enzymol.},
  year         = {1992},
  volume       = {210},
  pages        = {117-129},
  doi          = {10.1016/0076-6879(92)10009-3},
  abstract     = {Fehlergrenzen f{\"u}r die mit Simplex ermittelten Parameter einer Kurve durch Bootstraping },
}

@INCOLLECTION{Str-10,
  CROSSREF     = {Joh-10},
  AUTHOR       = {Straume, M. and Johnson, M. L.},
  TITLE        = {Monte Carlo Method for Determining Complete Confidence Probability Distributions of Estimated Model Parameters},
  chapter      = {4},
  pages        = {55-66},
  doi          = {10.1016/B978-0-12-384997-7.00004-2},
}

@ARTICLE{Stu-08,
  author       = {Student},
  title        = {The Probable Error of a Mean},
  journal      = {Biometrika},
  number       = {1},
  volume       = {6},
  year         = {1908},
  pages        = {1-25},
  doi          = {10.2307/2331554},
}

@MISC{Tem-19,
  author       = {Templ, M. and Kowarik, A. and Alfons, A. and Prantner, B.},
  title        = {VIM: Visualization and Imputation of Missing Values},
  year         = {2019},
  howpublished = {R-package, version 4.8.0},
  url          = {https://CRAN.R-project.org/package=VIM},
}

@MISC{TL-07,
  author       = {Team latte},
  title        = {Cleaning a Correlation Matrix of Asset Returns - Spreadsheet Example},
  year         = {2007},
  howpublished = {Web-site, accessed 2018-01-25},
  url          = {https://risklatte.com/Articles/QuantitativeFinance/QF152.php}
}

@ARTICLE{The-50,
  AUTHOR       = {Theil, H.},
  TITLE        = {A rank-invariant method of linear and polynomial regression analysis. I, II, III},
  YEAR         = {1950},
  JOURNAL      = {Proc. Nederl. Akad. Wetensch.},
  volume       = {53},
  pages        = {386–392, 521–525, 1397–1412},
  doi          = {10.1007/978-94-011-2546-8_20},
}

@MISC{The-19,
  author       = {Therneau, T. and Atkinson, B. and Ripley, B.},
  title        = {rpart: Recursive partitioning for classification, regression and survival trees},
  year         = {2019},
  howpublished = {R-package, version 4.1-15},
  url          = {https://CRAN.R-project.org/package=rpart},
}

@BOOK{Thur-47,
  title        = {Multiple-factor analysis: {A} development and expansion of the vectors of mind},
  author       = {Thurstone, L.L.},
  isbn         = {9780226801094},
  year         = {1947},
  address      = {Chicago},
  publisher    = {University of Chicago Press},
}

@ARTICLE{Thur-31,
  AUTHOR       = {Thurstone, L.L.},
  TITLE        = {Multiple-factor Analysis},
  YEAR         = {1931},
  JOURNAL      = {Psychol. Rev.},
  volume       = {38},
  number       = {5},
  pages        = {406-427},
  url          = {http://www.stats.org.uk/factor-analysis/Thurstone1931.pdf},
}

@BOOK{Thu-35,
  AUTHOR       = {Thurstone, L. L.},
  TITLE        = {The vectors of mind: Multiple-factor analysis for the isolation of primary traits},
  YEAR         = {1935},
  PUBLISHER    = {University of Chicago Press},
  address      = {Chicago, IL.},
  url          = {https://archive.org/details/vectorsofmindmul010122mbp/page/n29/mode/2up}
}

@BOOK{Thi-89,
  AUTHOR       = {K.D. Thies},
  TITLE        = {PC-XT-AT Numerik Buch},
  YEAR         = {1989},
  PUBLISHER    = {TeWi},
  address      = {München},
}

@ARTICLE{Tom-35,
  AUTHOR       = {Thomson, G.H.},
  TITLE        = {The definition and measurement of g (general intelligence)},
  YEAR         = {1935},
  JOURNAL      = {J. Educ. Psychol.},
  volume       = {26},
  number       = {4},
  pages        = {241-262},
  doi          = {10.1037/h0059873},
}

@MISC{Tre,
  title        = {Penalized varimax},
  author       = {Trendafilov, N.T. and Gragn, D.},
  howpublished = {Web-site, accessed 2018-01-31},
  url          = {http://statistics.open.ac.uk/802576CB00593013/(httpInfoFiles)/5FB28E2799052DE3802577890037B3D3/$file/Penalized_Varimax.pdf},
}

@MISC{ttn-14,
  author       = {ttnphns},
  title        = {Methods of computation of factor/component scores},
  year         = {2014},
  howpublished = {Web-site, accessed 220-01-27},
  url          = {https://stats.stackexchange.com/questions/126885/methods-to-compute-factor-scores-and-what-is-the-score-coefficient-matrix-in/126985#126985}
}

@BOOK{Tuk-77,
  AUTHOR       = {Tukey, J.W.},
  TITLE        = {Exploratory data analysis},
  YEAR         = {1977},
  PUBLISHER    = {Addison-Wesley},
  address      = {Reading, Mass.},
  ISBN         = {0-201-07616-0},
  series       = {Behavioral science: Quantitative methods},
  abstract     = {introduction of box-and-wisker plot},
}


@MISC{Ueb-15,
  author       = {J.S. Uebersax},
  title        = {Introduction to the Tetrachoric and Polychoric Correlation Coefficients},
  year         = {2015},
  edition      = {8},
  howpublished = {Web-site, accessed 2017-07-14},
  url          = {http://www.john-uebersax.com/stat/tetra.htm},
}

@MISC{Buu-19,
  author       = {van Buuren, S. and Groothuis-Oudshoorn, K. and Robitzsch, A. and Vink, G. and Doove, L. and Jolani, S. and Schouten, R. and Gaffert, P. and Meinfelder, F. and Gray, B.},
  title        = {mice: Multivariate Imputation by Chained Equations},
  year         = {2019},
  howpublished = {R-package, version 3.7.0},
  url          = {https://CRAN.R-project.org/package=mice},
}

@ARTICLE{Vel-76,
  title        = {Determining the number of components from the matrix of partial correlations},
  author       = {Velicer, W.F.},
  journal      = {Psychometrika},
  volume       = {41},
  number       = {3},
  pages        = {321-327},
  year         = {1976},
  doi          = {10.1007/BF02293557},
  url          = {https://www.researchgate.net/profile/Wayne_Velicer/publication/24062214_Determining_the_Number_of_Components_from_the_Matrix_of_Partial_Correlations/links/0a85e52f39b1ccbd3f000000.pdf},
}

@TECHREPORT{Vij-11,
  AUTHOR       = {Vijverberg, W.},
  TITLE        = {Testing for {IIA} with the {Hausman-McFadden} Test},
  INSTITUTION  = {Institute for the Study of Labor (IZA)},
  YEAR         = {2011},
  address      = {Bonn},
  type         = {Discussion Paper},
  number       = {5826},
  url          = {http://ftp.iza.org/dp5826.pdf}
}

@MISC{Vou-10,
  title        = {A New Approximation to the Normal Distribution Quantile Function},
  author       = {Voutier, P.M.},
  year         = {2010},
  eprint       = {1002.0567},
  archiveprefix= {arXiv},
  primaryclass = {stat.CO},
}

@TECHREPORT{War-11,
  author       = {Warren, R. and Smith, R.E. and Cybenko, A.K.},
  title        = {Use of {M}ahalanobis distance for detecting outliers and outlier clusters in markedly non-normal data: {A} vehicular traffic example},
  year         = {2011},
  url          = {http://www.dtic.mil/dtic/tr/fulltext/u2/a545834.pdf},
  type         = {Web-site, accessed 2018-11-19},
  number       = {AFRL-RH-WP-TR-2011-0070 },
  institution  = {United States Air Force Research Laboratory}
}

@ARTICLE{wat-56,
  title        = {On the construction of significance tests on the circle and the sphere},
  author       = {Watson, G.S. and Williams, E.J.},
  journal      = {Biometrika},
  volume       = {43},
  number       = {3/4},
  pages        = {344-352},
  year         = {1956},
  doi          = {10.2307/2332913 },
}

@ARTICLE{Wil-61,
  AUTHOR       = {Wilkinson, G.N.},
  TITLE        = {Statistical Estimation in Enzyme Kinetics},
  YEAR         = {1961},
  JOURNAL      = {Biochem. J.},
  volume       = {80},
  number       = {2},
  pages        = {324-332},
  doi          = {10.1042/bj0800324},
}

@ARTICLE{Wil-10,
  AUTHOR       = {B. Williams and A. Onsman and T. Brown},
  TITLE        = {Exploratory factor analysis: A five-step guide for novices},
  YEAR         = {2010},
  JOURNAL      = {Australas. J. Paramed.},
  volume       = {8},
  number       = {3},
  pages        = {1-13},
  url          = {http://citeseerx.ist.psu.edu/viewdoc/download?doi=10.1.1.414.4818&rep=rep1&type=pdf},
}

@BOOK{Jen-74,
  AUTHOR       = {Jensen, K. and Wirth, N.},
  TITLE        = {PASCAL - User Manual and Report},
  YEAR         = {1974},
  PUBLISHER    = {Springer-Verlag},
  address      = {Berlin Heidelberg},
  ISBN         = {978-3-662-21554-8},
  series       = {Lecture Notes in Computer Science},
  edition      = {1},
}


@ARTICLE{Yat-34,
  AUTHOR       = {Yates, F.},
  TITLE        = {Contingency Tables Involving Small Numbers and the $\chi^2$ Test},
  YEAR         = {1934},
  JOURNAL      = {Suppl. J. Royal Stat. Soc.},
  volume       = {1},
  number       = {2},
  pages        = {217-235},
  month        = {10.2307/2983604},
}


@ARTICLE{Zyg-14,
  AUTHOR       = {Zygmont, C. and Smith, M.R.},
  TITLE        = {Robust factor analysis in the presence of normality violations, missing data, and outliers: Empirical questions and possible solutions},
  YEAR         = {2014},
  JOURNAL      = {Quant. Meth. Psychol.},
  volume       = {10},
  number       = {1},
  pages        = {40-55},
  doi          = {10.20982/tqmp.10.1.p40},
}

@MISC{Den-19a,
  title        = {Eigenvectors from Eigenvalues},
  author       = {P.B. Denton and S.J. Parke and T. Tao and X. Zhang},
  year         = {2019},
  eprint       = {1908.03795},
  archiveprefix= {arXiv},
  primaryclass = {math.RA},
}

@MISC{Denton-19b,
  title        = {Eigenvalues: the Rosetta Stone for Neutrino Oscillations in Matter},
  author       = {P.B. Denton and S.J. Parke and X. Zhang},
  year         = {2019},
  eprint       = {1907.02534},
  archiveprefix= {arXiv},
  primaryclass = {hep-ph},
}

@INCOLLECTION{Wat-94,
  AUTHOR       = {Watts, G.W.},
  TITLE        = {Parameter Estimates from Nonlinear Models},
  chapter      = {2},
  pages        = {23-36},
  crossref     = {Joh-10},
  doi          = {10.1016/B978-0-12-384997-7.00002-9},
}

@INCOLLECTION{Joh-10b,
  AUTHOR       = {Johnson, M.L.},
  TITLE        = {Use of Least-Squares Techniques in Biochemistry },
  chapter      = {1},
  pages        = {1-22},
  crossref     = {Joh-10},
  doi          = {10.1016/B978-0-12-384997-7.00001-7},
}


@ARTICLE{Wol-19,
  title        = {Neutrinos Lead to Unexpected Discovery in Basic Math},
  author       = {N. Wolchover},
  year         = {2019},
  journal      = {Quanta Magazine},
  month        = {11},
  url          = {https://www.quantamagazine.org/neutrinos-lead-to-unexpected-discovery-in-basic-math-20191113/},
  file         = {E:/My Documents/AlteArbeiten/RossUni\Student-Performance/Pass@Ross/Theory/Literature/Wolchover-eigenwerte.pdf},
}

@MISC{Wri-18,
  author       = {Wright, K.},
  title        = {corrgram: Plot a Correlogram},
  year         = {2018},
  howpublished = {R package, version 1.13},
  url          = {https://CRAN.R-project.org/package=corrgram},
}

@BOOK{Yul-29,
  AUTHOR       = {Yule,G.U.},
  TITLE        = {Introduction to the Theory of Statistics},
  YEAR         = {1929},
  PUBLISHER    = {Griffin},
  address      = {London},
  edition      = {9},
}


% ------------------------------------- Collections -----------------------------------------

@COLLECTION{Joh-10,
  EDITOR       = {Johnson, M.L.},
  TITLE        = {Essential numerical computer methods},
  YEAR         = {2010},
  PUBLISHER    = {Elsevier},
  address      = {Amsterdam and others},
  series       = {Reliable lab solutions},
  ISBN         = {9780123849977},
}
